@book{deb01,
	author = {C. de Boor},
	title = {A Practical Guide to Splines},
	publisher = {Springer-Verlag},
	address = {New York},
	year = {2001},
}

@misc{pyprop,
	author = {Tore Birkeland and Raymond Nepstad},
	title = {PyProp},
	howpublished = {\url{http://pyprop.googlecode.com}},
}

@inproceedings{silver05,
  author    = {David Silver},
  title     = {Cooperative Pathfinding},
  booktitle = {Proc. of the 1st Artificial Intelligence and Interactive Digital
               Entertainment Conference, 2005
               },
  pages     = {117--122},
  year      = {2005},
}

@inproceedings{yu13,
  author    = {Jingjin Yu and
               Steven M. LaValle},
  title     = {Structure and Intractability of Optimal Multi-Robot Path Planning
               on Graphs},
  booktitle = {Proceedings of the Twenty-Seventh {AAAI} Conference on Artificial
               Intelligence, July 14-18, 2013, Bellevue, Washington, {USA.}},
  year      = {2013},
  url       = {http://www.aaai.org/ocs/index.php/AAAI/AAAI13/paper/view/6111},
}

@book{nemhauser88,
 author = {Nemhauser, George L. and Wolsey, Laurence A.},
 title = {Integer and Combinatorial Optimization},
 year = {1988},
 isbn = {0-471-82819-X},
 publisher = {Wiley-Interscience},
 address = {New York, NY, USA},
}

@book{wolsey98,
  title={Integer Programming},
  author={Wolsey, L.A.},
  isbn={9780471283669},
  lccn={98007296},
  series={Wiley Series in Discrete Mathematics and Optimization},
  url={https://books.google.no/books?id=x7RvQgAACAAJ},
  year={1998},
  publisher={Wiley}
}
@article{dijkstra59,
 author = {Dijkstra, E. W.},
 title = {A Note on Two Problems in Connexion with Graphs},
 journal = {Numer. Math.},
 volume = {1},
 number = {1},
 year = {1959},
 issn = {0029-599X},
 pages = {269--271},
 publisher = {Springer-Verlag New York, Inc.},
 address = {Secaucus, NJ, USA},
}

@book{sipser06,
  author = {Sipser, Michael},
  edition = {Second},
  isbn = {7111173279 9787111173274},
  keywords = {automata complexity computation gadget hamiltonian np-hardness sipser textbook},
  publisher = {Course Technology},
  title = {Introduction to the Theory of Computation},
  year = 2006
}

@article{hart68,
  author = {Hart, Peter E. and Nilsson, Nils J. and Raphael, Bertram},
  journal = {IEEE Transactions on Systems Science and Cybernetics},
  keywords = {imported},
  pages = {100-107},
  title = {A formal basis for the heuristic determination of minimum cost paths},
  volume = {SSC-4(2)},
  year = 1968
}

@incollection{stout01,
	author = {Bryan Stout},
	title = {The Basics of A* for Path Planning},
	booktitle = {Game Programming Gems},
	editor = {Mark DeLoura},
	publisher = {Charles River Media},
	year = {2000},
	pages = {254--263}
}


@article{younis06,
author = {Younis, Mohamed and Ozer, Sebnem Zorlu},
title = {Wireless ad hoc networks: technologies and challenges},
journal = {Wireless Communications and Mobile Computing},
volume = {6},
number = {7},
pages = {889-892},
doi = {10.1002/wcm.449},
url = {https://onlinelibrary.wiley.com/doi/abs/10.1002/wcm.449},
eprint = {https://onlinelibrary.wiley.com/doi/pdf/10.1002/wcm.449},
year = 2006
}

@article{ihalgamuge09,
    author = {M. N. Halgamuge and M. Zukerman and K. Ramamohanarao and H. L. Vu},
    title = {An estimation of sensor energy consumption},
    journal = {Electromagnetics Research B},
    number = {12},
    pages = {259-295},
    year = {2009}
  } 

@book{akyildiz10,
  author = {Akyildiz, Ian and Vuran, Mehmet Can},
  title = {Wireless Sensor Networks},
  year = {2010},
  isbn = {047003601X, 9780470036013},
  publisher = {John Wiley \& Sons, Inc.},
  address = {New York, NY, USA}
}


@Inbook{mcgrath13,
author="McGrath, Michael J.
and Scanaill, Cliodhna N{\'i}",
title="Sensor Network Topologies and Design Considerations",
bookTitle="Sensor Technologies: Healthcare, Wellness, and Environmental Applications",
year="2013",
publisher="Apress",
address="Berkeley, CA",
pages="79--95"
}
@InProceedings{clementi01,
author="Clementi, Andrea E. F.
and Crescenzi, Pilu
and Penna, Paolo
and Rossi, Gianluca
and Vocca, Paola",
editor="Ferreira, Afonso
and Reichel, Horst",
title="On the Complexity of Computing Minimum Energy Consumption Broadcast Subgraphs",
booktitle="STACS 2001",
year="2001",
publisher="Springer Berlin Heidelberg",
address="Berlin, Heidelberg",
}

@InProceedings{clementi99,
author="Clementi, Andrea E. F.
and Penna, Paolo
and Silvestri, Riccardo",
editor="Hochbaum, Dorit S.
and Jansen, Klaus
and Rolim, Jos{\'e} D. P.
and Sinclair, Alistair",
title="Hardness Results for the Power Range Assignment Problem in Packet Radio Networks",
booktitle="Randomization, Approximation, and Combinatorial Optimization. Algorithms and Techniques",
year="1999",
publisher="Springer Berlin Heidelberg",
pages="197--208",
}
@InProceedings{clementi01b,
author="Clementi, Andrea E. F.
and Penna, Paolo
and Silvestri, Riccardo",
editor="Reichel, Horst
and Tison, Sophie",
title="The Power Range Assignment Problem in Radio Networks on the Plane",
booktitle="STACS 2000",
year="2000",
publisher="Springer Berlin Heidelberg",
address="Berlin, Heidelberg",
pages="651--660",
}

@article{kirousis00,
 author = {Kirousis, Lefteris M. and Kranakis, Evangelos and Krizanc, Danny and Pelc, Andrzej},
  title = {Power Consumption in Packet Radio Networks},
  journal = {Theor. Comput. Sci.},
  volume = {243},
  number = {1-2},
  month = jul,
  year = {2000},
 issn = {0304-3975},
 pages = {289--305},
 publisher = {Elsevier Science Publishers Ltd.}
 }

@Inbook{blough02,
author="Blough, Douglas M.
and Leoncini, Mauro
and Resta, Giovanni
and Santi, Paolo",
editor="Baeza-Yates, Ricardo
and Montanari, Ugo
and Santoro, Nicola",
title="On the Symmetric Range Assignment Problem in Wireless Ad Hoc Networks",
bookTitle="Foundations of Information Technology in the Era of Network and Mobile Computing: IFIP 17th World Computer Congress --- TC1 Stream / 2nd IFIP International Conference on Theoretical Computer Science (TCS 2002) August 25--30, 2002, Montr{\'e}al, Qu{\'e}bec, Canada",
year="2002",
publisher="Springer US",
address="Boston, MA",
pages="71--82",
isbn="978-0-387-35608-2",
}


@article{santi05,
 author = {Santi, Paolo},
 title = {Topology Control in Wireless Ad Hoc and Sensor Networks},
 journal = {ACM Comput. Surv.},
 issue_date = {June 2005},
 volume = {37},
 number = {2},
 month = jun,
 year = {2005},
 issn = {0360-0300},
 pages = {164--194},
 url = {http://doi.acm.org/10.1145/1089733.1089736},
 publisher = {ACM},
 address = {New York, NY, USA},
 keywords = {Connectivity, energy consumption, sensor networks, topology control, wireless ad hoc networks},
 } 

@book{williamson11,
 author = {Williamson, David P. and Shmoys, David B.},
 title = {The Design of Approximation Algorithms},
 year = {2011},
 isbn = {0521195276, 9780521195270},
 edition = {1st},
 publisher = {Cambridge University Press},
 address = {New York, NY, USA},
 } 


@inproceedings{calinescu02,
author = {Calinescu, Gruia and Mandoiu, Ion and Zelikovsky, A},
year = {2002},
month = {01},
pages = {119-130},
title = {Symmetric Connectivity with Minimum Power Consumption in Radio Networks},
volume = {223},
journal = {Proc. 2nd IFIP International Conference on Theoretical Computer Science},
doi = {10.1007/978-0-387-35608-2_11}
}

@article{clementi03,
  title={The minimum broadcast range assignment problem on linear multi-hop wireless networks},
  author={Andrea E. F. Clementi and Miriam Di Ianni and Riccardo Silvestri},
  journal={Theor. Comput. Sci.},
  year={2003},
  volume={299},
  pages={751-761}
  }

 @inproceedings{carmi15,
    author    = {Paz Carmi and
                Lilach Chaitman{-}Yerushalmi},
   title     = {On the Minimum Cost Range Assignment Problem},
   booktitle = {Algorithms and Computation - 26th International Symposium, {ISAAC}
                    2015, Nagoya, Japan, December 9-11, 2015, Proceedings},
   pages     = {95--105},
   year      = {2015},
     url       = {https://doi.org/10.1007/978-3-662-48971-0\_9},
 }

 @INPROCEEDINGS{wieselthier00,
  author = {Jeffrey E. Wieselthier and Gam D. Nguyen and Anthony Ephremides},
  title = {On the Construction of Energy-Efficient Broadcast and Multicast Trees in Wireless Networks},
  booktitle = {},
  year = {2000},
  pages = {585--594},
  publisher = {}
 }

 @inproceedings{liang02,
  author = {Liang, Weifa},
  title = {Constructing Minimum-energy Broadcast Trees in Wireless Ad Hoc Networks},
  booktitle = {Proceedings of the 3rd ACM International Symposium on Mobile Ad Hoc Networking \&Amp; Computing},
  series = {MobiHoc '02},
  year = {2002},
  isbn = {1-58113-501-7},
  pages = {112--122},
  publisher = {ACM},
  address = {New York, NY, USA},
} 

@inproceedings{cagalj02,
 author = {\v{C}agalj, Mario and Hubaux, Jean-Pierre and Enz, Christian},
  title = {Minimum-energy Broadcast in All-wireless Networks: NP-completeness and Distribution Issues},
   booktitle = {Proceedings of the 8th Annual International Conference on Mobile Computing and Networking},
    series = {MobiCom '02},
   year = {2002},
   isbn = {1-58113-486-X},
   pages = {172--182},
   publisher = {ACM},
   address = {New York, NY, USA},
 }


 @article{montemanni08,
 title = "Mixed integer formulations for the probabilistic minimum energy broadcast problem in wireless networks",
 author = "Roberto Montemanni and Valeria Leggieri and Chefi Triki",
 year = "2008",
 month = "10",
 volume = "190",
 pages = "578--585",
 journal = "European Journal of Operational Research",
 issn = "0377-2217",
 publisher = "Elsevier",
 number = "2",

 }

@article{barta10,
title = "Some Valid Inequalities for the Probabilistic Minimum Power Multicasting Problem",
journal = "Electronic Notes in Discrete Mathematics",
volume = "36",
pages = "463 - 470",
year = "2010",
note = "ISCO 2010 - International Symposium on Combinatorial Optimization",
issn = "1571-0653",
author = "J\'anos Barta and Valeria Leggieri and Roberto Montemanni and Paolo Nobili and Chefi Triki",
}

@article{flammini07,
 author = {Flammini, Michele and Navarra, Alfredo and Perennes, Stephane},
  title = {The \&Ldquo;Real\&Rdquo; Approximation Factor of the MST Heuristic for the Minimum Energy Broadcasting},
  journal = {J. Exp. Algorithmics},
  issue_date = {2006},
 volume = {11},
  month = feb,
 year = {2007},
 issn = {1084-6654},
 url = {http://doi.acm.org/10.1145/1187436.1216587},
    publisher = {ACM},
     address = {New York, NY, USA},
   }


   @InProceedings{ambuhl05,
   author="Amb{\"u}hl, Christoph",
   editor="Caires, Lu{\'i}s
   and Italiano, Giuseppe F.
   and Monteiro, Lu{\'i}s
   and Palamidessi, Catuscia
   and Yung, Moti",
   title="An Optimal Bound for the MST Algorithm to Compute Energy Efficient Broadcast Trees in Wireless Networks",
   booktitle="Automata, Languages and Programming",
   year="2005",
   publisher="Springer Berlin Heidelberg",
   address="Berlin, Heidelberg",
   pages="1139--1150",
   }


@article{bauer09,
title = "New results on the time complexity and approximation ratio of the Broadcast Incremental Power algorithm",
journal = "Information Processing Letters",
volume = "109",
number = "12",
pages = "615 - 619",
year = "2009",
issn = "0020-0190",
author = "Joanna Bauer and Dag Haugland and Di Yuan",
}

@Article{wan02,
author="Wan, P.-J.
and C{\u{a}}linescu, G.
and Li, X.-Y.
and Frieder, O.",
title="Minimum-Energy Broadcasting in Static Ad Hoc Wireless Networks",
journal="Wireless Networks",
year="2002",
month="Nov",
day="01",
volume="8",
number="6",
pages="607--617",
}

